<?xml version="1.0" encoding="UTF-8"?><record xmlns="http://www.loc.gov/MARC21/slim" xmlns:cinclude="http://apache.org/cocoon/include/1.0" xmlns:zs="http://www.loc.gov/zing/srw/">
  <leader>00293nz  a2200121n  4500</leader>
  <controlfield tag="001">no 93020405 </controlfield>
  <controlfield tag="003">DLC</controlfield>
  <controlfield tag="005">19930729193503.2</controlfield>
  <controlfield tag="008">930709n| acannaab|          |n aaa     c</controlfield>
  <datafield tag="010" ind1=" " ind2=" ">
    <subfield code="a">no 93020405 </subfield>
  </datafield>
  <datafield tag="040" ind1=" " ind2=" ">
    <subfield code="a">ICRL</subfield>
    <subfield code="c">ICRL</subfield>
  </datafield>
  <datafield tag="100" ind1="1" ind2="0">
    <subfield code="a">Lippmaa, Helle</subfield>
  </datafield>
  <datafield tag="670" ind1=" " ind2=" ">
    <subfield code="a">Biobalt '92, 1992:</subfield>
    <subfield code="b">t.p. (Helle Lippmaa)</subfield>
  </datafield>
</record>